% This file was created with JabRef 2.8.1.
% Encoding: Cp1252

@Book{menezes:1997,
  author = {Alfred Menezes and Paul Oorschot and Scott Vanstone},
  title = {{H}andbuch of {A}pplied {C}ryptography},
  publisher = {CRC-Press},
  year = {1997}
}

@Book{werner,
  author    = {Annette Werner},
  editor    = {Springer},
  publisher = {Springer-Verlag Berlin Heidelberg GmbH},
  title     = {Elliptische Kurven in der Kryptographie},
  year      = {2002}
}
@Article{sosax,
  author  = {Soni, Ankita and Saxena, Nisheeth},
  journal = {International Journal of Science and Research (IJSR)},
  title   = {Elliptic Curve Cryptography: An Efficient Approach for Encryption and Decryption of a Data Sequence},
  year    = {2013},
  pages   = {203-208},
  volume  = {2}
}

@Conference{edoh,
  author    = {Edoh, Kossi D.},
  booktitle = {Information Security Curriculum Development Conference, InfoSecCD 2004},
  title     = {Elliptic curve cryptography: Java implementation},
  year      = {2004},
  pages     = {88-93}
}

@Techreport {BSI,
  type = {Technical Guideline},
  key = {Technical Guideline BSI TR-03111},
  month = {06},
  year = {2018},
  title = {{Elliptic Curve Crytography}},
  volume = {Version 2.10},
  address = {Bonn, Germany},
  institution = {Federal Office for Information Security}
}

@Book{damer,
  author    = {Wätjen, Dietmar},
  publisher = {SpringerVerlag},
  title     = {Kryptographie Grundlagen, Algorithmen , Protokolle},
  year      = {2018},
  volume    = {3},
  doi       = {https://doi.org/10.1007/978-3-658-22474-5}
}
@Inproceedings{merLo, 
  author = {Merkle, Johannes and Lochter, Manfred}, 
  title = {Ein neuer Standard für Elliptische Kurven},
  year = {2009}, 
  month = {05}, 
  pages = {} 
} 
@Article {GaMoDa , 
  author = {Gajbhiye, Samta and Sharma, Monisha and Dashputre, Samir},
  title = {A Survey Report On Elliptic Curve Cryptography},
  year = {2011}, 
  month = {10}, 
  pages = {}, 
  volume = {1}, 
  journal = {International Journal of Electrical and Computer Engineering (IJECE)}, 
  doi = {10.11591/ijece.v1i2.86} 
} 

@Inbook{mihNita , 
  author = {Mihailescu, Marius and Nita, Stefania}, 
  title = {Elliptic-Curve Cryptography},
  year = {2021}, 
  month = {01}, 
  pages = {189-223}, 
  isbn = {978-1-4842-6585-7}, 
  doi = {10.1007/978-1-4842-6586-4_9} 
} 

@Article{zheng, 
  author = {Toh, Zheng}, 
  title = {Elliptical curve cryptography}, 
  year = {2021}, 
  month = {02}, 
  pages = {} 
}
@Book{khan, 
  author = {Khan, Dr. Arif}, 
  title = {Comparative Analysis of Elliptic Curve Cryptography}, 
  year = {2017}, 
  month = {01}, 
  pages = {}, 
  isbn = {978-3-330-01788-7} 
}

@Article{aliKa,
  author = {M. Ali, Nada and Kawther, Esaa}, 
  journal = {International Journal of Advanced Computer Science and Applications}, 
  title = {Security Improvement in Elliptic Curve Cryptography},
  year = {2018}, 
  month = {01}, 
  pages = {122-133}, 
  volume = {9} 
} 
@Inproceedings {marKaur, 
  author = {Ruchika Markan and G. Kaur},
  title = {Literature Survey on Elliptic Curve Encryption Techniques},   
  year = {2013}  
} 
@Inproceedings {moVarol, 
  author = {Mohammed, Abdalbasit and Varol, Nurhayat}, 
  title = {A Review Paper on Cryptography},
  year = {2019}, 
  month = {06}, 
  pages = {1-6}, 
  doi = {10.1109/ISDFS.2019.8757514} 
} 

@Inproceedings {naRaj,
  title = {Cryptography Algorithms – The Science of Information Security: Review Paper},
  author = {M. Nayak and D. Rajput},
  year = {2017}
} 
@Inproceedings{Hankerson,
  author = {D. Hankerson and S. Vanstone and A. Menezes},
  title = {Guide to Elliptic Curve Cryptography},    
  booktitle = {Springer Professional Computing},
  year={2004} 
} 
@inproceedings{Havaze,
  author = {Hankerson, Darrel and López, Julio and Menezes, Alfred},
  title = {Software Implementation of Elliptic Curve Cryptography over Binary Fields},
  year = {2000},
  month = {01},
  pages = {1-24},
  isbn = {978-3-540-41455-1},
  doi = {10.1007/3-540-44499-8_1}
}

@Article {mo2014,
  title = {A survey on elliptic curve cryptography},
  author = {M. A. Mohamed},
  journal = {Applied mathematical sciences},
  year = {2014},
  volume = {8},
  pages = {7665-7691}
} 
 
@Article{Hossain2019,
  title = {Efficient FPGA Implementation of Modular Arithmetic for Elliptic Curve Cryptography},
  author = {M. R. Hossain and M. Hossain},
  journal = {International Conference on Electrical, Computer and Communication Engineering (ECCE)},
  year = {2019},
  pages = {1-6} 
}

@MastersThesis{venkata,
  author = {Nithesh Venkata Ramana Surya Bommireddipalli},
  school = { University of Cincinnati},
  title  = {Tutorial on Elliptic CurveArithmetic and Introduction to Elliptic Curve Cryptography (ECC)},
  year   = {2017}
}

@Inproceedings{sahuMa,
  author = {Sahu, Sushanta and Pradhan, Manoranjan},
  title = {Implementation of Modular Multiplication for RSA Algorithm},
  year = {2011},
  month = {07},
  pages = {112 - 114},
  doi = {10.1109/CSNT.2011.30}
}

@Misc{securenet,
  blog = https://www.secunet.com/de/news/artikel/elliptic-curve-cryptography-made-in-germany/
}

@Book{razad,
  author    = {Hazifur Rahman and Saiful Azad and Al-Sakib Khan Pathan},
  publisher = {CRC Press},
  title     = {Practical Cryptography Algorithms and Implementations using C++},
  year      = {2015},
  isbn      = {13: 978-1-4822-2890-8}
}

@Article{stolbikova,
  author  = {Veronika Stolbikova},
  journal = {ISACA Journal},
  title   = {Can Elliptic Curve Cryptography Be Trusted? A Brief Analysis of the Security of a Popular Cryptosystem},
  year    = {2016},
  month   = may,
  pages   = {1-5},
  volume  = {3}
}

@InBook{koblitz,
  author  = {Neal Koblitz},
  chapter = {Mathematics of Computation},
  pages   = {203-209},
  title   = {Elliptic Curve Cryptosystems},
  year    = {1987},
  number  = {177},
  volume  = {48}
}

@Standard{standard,
  institution = {Certicom Research},
  title       = {STANDARDS FOR EFFICIENT CRYPTOGRAPHY SEC 2: Recommended Elliptic Curve Domain Parameters},
  month       = jan,
  url         = {https://www.secg.org/sec2-v2.pdf},
  year        = {2010}
}

